@manual{Team:2017,
	Author = "Existek Team",
	Title = "SDLC Models Explained: Agile, Waterfall, V-Shaped, Iterative, Spiral",
	Note = "\url{https://existek.com/blog/sdlc-models/}",
	year = "2017 (accessed January 12, 2020)"
}
@manual{Ronacher:2010,
	title  = "Flask",
	author = "Armin Ronacher",
	note   = "\url{https://palletsprojects.com/p/flask/}",
	year   = "2010 (accessed January 9, 2020)"
}
@techreport{Zhou:2010,
	author = "Yiran Zhou",
	title = "Project Report of Building Course Management System by Django Framework",
	institution = "Simon Fraser University",
	year = {2010},
	number = {P-5},
	type = {Report}
}
@manual{Kumar:2020,
	title  = "Software Engineering | Phases of Prototyping Model | Set - 2",
	author = "Sayan Kumar Pal",
	note   = "\url{https://www.geeksforgeeks.org/software-engineering-phases-prototyping-model-set-2/}",
	year   = "2020 (accessed January 12, 2020)"
}
@book{Antonio:2018,
	author = "Antonio Melé",
	year = {2018},
	title = "Django 2 by Example: Build powerful and reliable Python web applications from scratch",
	publisher = "Packt Publishing Ltd.",
	address = "35, Livery Street, Birmingham B3 2PB, United Kingdom",
}
@manual{Adrian:2019,
	title  = "Django Documentation",
	author = "Adrian Holovaty and Simon Willison",
	organization = {Django Software Foundation},
	note = "Release 3.1.dev",
	month = "Nov",
	year   = "2019"
}
@book{Grinberg:2014,
	author = "Miguel Grinberg",
	editor = "Meghan Blanchette and Rachel Roumeliotis",
	year = {2014},
	title = "Flask Web Development",
	publisher = " O’Reilly Media, Inc.",
	address = " 1005 Gravenstein Highway North, Sebastopol, CA 95472",
	edition = "Second"
}
@manual{Bayer:2016,
	title  = "SQLAlchemy Documentation",
	author = "Mike Bayer",
	note = "Release 0.9.10",
	month = "Apr",
	year   = "2016"
}
@manual{Ronacher:2017,
	title  = "Jinja2 Documentation",
	author = "Armin Ronacher",
	note = "Release 2.9.6",
	month = "Sep",
	year   = "2017"
}
@article{Sharma:2015,
	author = "Prateek Sharma and Dhananjaya Singh",
	title = "Comparative Study of Various SDLC Models on Different Parameters",
	journal = "International Journal of Engineering Research",
	year = {2015},
	volume = {4},
	number = {4},
	pages = {188-191},
	month = {Apr}
}
@manual{Yang:2020,
	title  = "Ajax",
	author = "Jongryul Yang",
	organization = {MDN Web Docs},
	note   = "\url{https://developer.mozilla.org/en-US/docs/Web/Guide/AJAX}",
	year   = "2020 (accessed January 13, 2020)"
}